<?xml version="1.0" encoding="UTF-8"?>
<collection xmlns:xsi="http://www.w3.org/2001/XMLSchema-instance" xsi:schemaLocation="http://www.loc.gov/MARC21/slim http://www.loc.gov/standards/marcxml/schema/MARC21slim.xsd" xmlns="http://www.loc.gov/MARC21/slim">
<record>
  <leader>00872cam a2200229 a 4500</leader>
  <controlfield tag="001">2957854</controlfield>
  <controlfield tag="003">NNC</controlfield>
  <controlfield tag="005">20151019143141.0</controlfield>
  <controlfield tag="008">970115s1923    ua            000 0 arard</controlfield>
  <datafield tag="035" ind1=" " ind2=" ">
    <subfield code="a">(OCoLC)ocm36210399</subfield>
  </datafield>
  <datafield tag="035" ind1=" " ind2=" ">
    <subfield code="9">ASK2950CU</subfield>
  </datafield>
  <datafield tag="035" ind1=" " ind2=" ">
    <subfield code="a">(NNC)2957854</subfield>
  </datafield>
  <datafield tag="035" ind1=" " ind2=" ">
    <subfield code="a">2957854</subfield>
  </datafield>
  <datafield tag="040" ind1=" " ind2=" ">
    <subfield code="a">UUM</subfield>
    <subfield code="c">UUM</subfield>
    <subfield code="d">ZCU</subfield>
  </datafield>
  <datafield tag="090" ind1=" " ind2=" ">
    <subfield code="a">BP131.5.I25</subfield>
    <subfield code="b">S24</subfield>
  </datafield>
  <datafield tag="100" ind1="1" ind2=" ">
    <subfield code="a">Munayyir al-Samannūdī, Muḥammad ibn Ḥasan,</subfield>
    <subfield code="d">1687 or 1688-1784 or 1785.</subfield>
  </datafield>
  <datafield tag="245" ind1="1" ind2="0">
    <subfield code="a">Sharḥ al-Samannūdī ʻalá matn al-Durrah al-mutammimah lil-qirāʾāt al-ʻasharah.</subfield>
  </datafield>
  <datafield tag="260" ind1=" " ind2=" ">
    <subfield code="a">[Egypt] :</subfield>
    <subfield code="b">al-Hilālī,</subfield>
    <subfield code="c">1342 [1923]</subfield>
    <subfield code="e">(Miṣr :</subfield>
    <subfield code="f">Maṭbaʻat al-Maʻāhid).</subfield>
  </datafield>
  <datafield tag="300" ind1=" " ind2=" ">
    <subfield code="a">104 p. ;</subfield>
    <subfield code="c">27 cm.</subfield>
  </datafield>
  <datafield tag="600" ind1="1" ind2="0">
    <subfield code="a">Ibn al-Jazarī, Muḥammad ibn Muḥammad,</subfield>
    <subfield code="d">1350-1429.</subfield>
    <subfield code="t">Durrah al-muḍiyah fī qirāʼāt al-aʼimmah al-thalāthah al-marḍīyah.</subfield>
  </datafield>
  <datafield tag="630" ind1="0" ind2="0">
    <subfield code="a">Qurʼan</subfield>
    <subfield code="x">Readings.</subfield>
  </datafield>
  <datafield tag="955" ind1=" " ind2=" ">
    <subfield code="b">CU08176213</subfield>
    <subfield code="d">off,glx</subfield>
    <subfield code="e">BP131.5.I25 S24</subfield>
  </datafield>
</record>
</collection>